% Encoding: UTF-8

@Article{AALDO,
  author   = {M. Huang and Y. Lu and S. P. U and R. P. Martins},
  title    = {An Analog-Assisted Tri-Loop Digital Low-Dropout Regulator},
  journal  = {IEEE Journal of Solid-State Circuits},
  year     = {2018},
  volume   = {53},
  number   = {1},
  pages    = {20-34},
  month    = {Jan},
  issn     = {0018-9200},
  doi      = {10.1109/JSSC.2017.2751512},
  keywords = {CMOS integrated circuits;capacitors;shift registers;voltage regulators;D-LDO;analog-assisted digital low-dropout regulator;capacitance 100.0 pF;coarse-tuning loop;fine-tuning loop;fine-tuning operation;general purpose CMOS process;high-pass AA loop;instant load transients;limit cycle oscillation;nonlinear coarse word control;output-capacitor-free digital low-dropout regulator;power switch array;shift register length;size 65 nm;tri-loop digital low-dropout regulator;voltage 105.0 mV;voltage spikes;voltage undershoot-overshoot;Clocks;Liquid crystal on silicon;Regulators;Switches;Transient analysis;Transient response;Voltage control;Amplifier;analog assisted (AA);coarse/fine tuning;digital control;fully integrated voltage regulator (FIVR);limit cycle oscillation (LCO);low-dropout (LDO) regulator;nonlinear control;output-capacitor-free;power management},
}

@InProceedings{asynchrounous,
  author    = {F. Yang and P. K. T. Mok},
  title     = {Fast-transient asynchronous digital LDO with load regulation enhancement by soft multi-step switching and adaptive timing techniques in 65-nm CMOS},
  booktitle = {2015 IEEE Custom Integrated Circuits Conference (CICC)},
  year      = {2015},
  pages     = {1-4},
  month     = {Sept},
  doi       = {10.1109/CICC.2015.7338389},
  keywords  = {CMOS logic circuits;asynchronous circuits;timing circuits;CMOS technology;DLDO;adaptive timing technique;coarse-grained regulation;current 500 mA;fast-transient asynchronous digital low drop-out regulator;fine-grained regulation;load regulation enhancement technique;power-efficient method;ripple voltage;size 65 nm;soft multi-step switching technique;time 10 ns;voltage 0.6 V to 1 V;voltage 50 mV;Digital LDO;adaptive timing;asynchronous;fast transient response;fine-grained;load regulation enhancement;soft multi-step switching},
}

@Article{pipeline,
  author   = {F. Yang and P. K. T. Mok},
  title    = {A Nanosecond-Transient Fine-Grained Digital LDO With Multi-Step Switching Scheme and Asynchronous Adaptive Pipeline Control},
  journal  = {IEEE Journal of Solid-State Circuits},
  year     = {2017},
  volume   = {52},
  number   = {9},
  pages    = {2463-2474},
  month    = {Sept},
  issn     = {0018-9200},
  doi      = {10.1109/JSSC.2017.2709311},
  keywords = {CMOS integrated circuits;adaptive control;digital control;nanoelectronics;reference circuits;transient response;voltage control;CMOS process;asynchronous adaptive pipeline control;asynchronous clocking;capacitance 1.5 nF;current 300 muA;current 500 mA;digital low dropout regulator;fine-grained onchip voltage regulation;multistep switching scheme;nanosecond-transient;nanosecond-transient fine-grained digital LDO;pass transistor;perturbation;power-efficient digital controller utilization;quiescent current;reference voltage switching;size 65 nm;time 10 ns;transient response;voltage 0.6 V to 1.0 V;voltage 5 mV;voltage 50 mV to 200 mV;voltage ripple;Clocks;Loading;Pipelines;System-on-chip;Transient analysis;Transient response;Voltage control;3-D power stage;asynchronous control;coarse–fine;digital low dropout regulator (DLDO);fine-grained;fully on-chip;multi-step switching;nanosecond transient},
}

@InProceedings{original,
  author    = {Yasuyuki Okuma and Koichi Ishida and Yoshikatsu Ryu and Xin Zhang and Po-Hung Chen and Kazunori Watanabe and Makoto Takamiya and Takayasu Sakurai},
  title     = {0.5-V input digital LDO with 98.7\% current efficiency and 2.7$\mu A$ quiescent current in 65nm CMOS},
  booktitle = {IEEE Custom Integrated Circuits Conference 2010},
  year      = {2010},
  pages     = {1-4},
  month     = {Sept},
  doi       = {10.1109/CICC.2010.5617586},
  issn      = {0886-5930},
  keywords  = {CMOS integrated circuits;logic circuits;voltage regulators;CMOS;current 2.7 muA;current 200 muA;digital LDO;digital circuit;energy efficiency;logic circuit;low drop out regulator;size 65 nm;voltage 0.45 V;voltage 0.5 V;Bidirectional control;CMOS integrated circuits;Clocks;Current measurement;Shift registers;Switches;Transient analysis},
}

@Article{SIMODCDC,
  author   = {Dongsheng Ma and Wing-Hung Ki and Chi-Ying Tsui},
  title    = {A pseudo-CCM/DCM SIMO switching converter with freewheel switching},
  journal  = {IEEE Journal of Solid-State Circuits},
  year     = {2003},
  volume   = {38},
  number   = {6},
  pages    = {1007-1014},
  month    = {June},
  issn     = {0018-9200},
  doi      = {10.1109/JSSC.2003.811976},
  keywords = {CMOS analogue integrated circuits;DC-DC power convertors;switching convertors;transient response;0.5 micron;1 MHz;2.5 V;3.0 V;320 mW;89.4 percent;CMOS n-well process;DCM;cross regulation;current ripple;dc-dc conversions;efficiency;fast transient response;freewheel switching;load currents;oscillator frequency;pseudo-CCM/DCM SIMO switching converter;single-inductor dual-output boost converter;single-inductor multiple-output converter;single-output converters;total output power;CMOS process;Dynamic voltage scaling;Frequency;Inductors;Oscillators;Personal digital assistants;Power generation;Prototypes;Switching converters;Transient response},
}

@Article{SIMODCDC1,
  author   = {Y. Zhang and D. Ma},
  title    = {A Fast-Response Hybrid SIMO Power Converter with Adaptive Current Compensation and Minimized Cross-Regulation},
  journal  = {IEEE Journal of Solid-State Circuits},
  year     = {2014},
  volume   = {49},
  number   = {5},
  pages    = {1242-1255},
  month    = {May},
  issn     = {0018-9200},
  doi      = {10.1109/JSSC.2014.2304497},
  keywords = {CMOS integrated circuits;adaptive control;compensation;electric current control;switching convertors;transient response;ACC;CMOS process;adaptive current compensation;cross-regulation effect;duty ratio;frequency 500 kHz;hybrid SIMO power converter;linear regulators;load transient measurements;load transition;power 102 mW;power 270 mW;single-inductor multiple-output power converters;size 0.35 mum;transient response;voltage 1.2 V;voltage 1.8 V;voltage 3 V;Hybrid power systems;Inductors;Regulators;Switches;Topology;Transient analysis;Transient response;Adaptive current compensation;cross-regulation;fast transient response;paralleled hybrid structure;single-inductor multiple-output converter},
}

@Article{SIMODCDC2,
  author   = {H. P. Le and C. S. Chae and K. C. Lee and S. W. Wang and G. H. Cho and G. H. Cho},
  title    = {A Single-Inductor Switching DC DC Converter With Five Outputs and Ordered Power-Distributive Control},
  journal  = {IEEE Journal of Solid-State Circuits},
  year     = {2007},
  volume   = {42},
  number   = {12},
  pages    = {2706-2714},
  month    = {Dec},
  issn     = {0018-9200},
  doi      = {10.1109/JSSC.2007.908767},
  keywords = {BiCMOS integrated circuits;DC-DC power convertors;inductors;power control;switching convertors;Bi-CMOS process;efficiency 80.8 percent;full-waveform inductor-current sensing circuit;in-rush-current-free soft-start method;ordered power-distributive control;power 450 mW;single-inductor switching DC-DC converter;size 0.5 mum;variation-free frequency generator;voltage 5 V to -5 V;Circuits;DC-DC power converters;Frequency conversion;Inductors;Power generation;Switching converters;Switching frequency;Time to market;Topology;Voltage;Ordered power-distributive control (OPDC);single-inductor multiple-output (SIMO) converter;soft-start;zero-current sensor},
}

@Article{coarse-fine,
  author   = {M. Huang and Y. Lu and S. W. Sin and S. P. U and R. P. Martins},
  title    = {A Fully Integrated Digital LDO With Coarse Fine-Tuning and Burst-Mode Operation},
  journal  = {IEEE Transactions on Circuits and Systems II: Express Briefs},
  year     = {2016},
  volume   = {63},
  number   = {7},
  pages    = {683-687},
  month    = {July},
  issn     = {1549-7747},
  doi      = {10.1109/TCSII.2016.2530094},
  keywords = {CMOS digital integrated circuits;digital circuits;digital control;electric current measurement;low-power electronics;system-on-chip;voltage measurement;CMOS process;burst-mode operation;coarse control word;coarse-fine-tuning;current 2 mA to 100 mA;current 82 muA;digital LDO;digital low dropout regulator;high sampling frequency;large power MOS strength;load current;size 65 nm;time 20 ns;voltage 47 mV;voltage 55 mV;Circuits and systems;Clocks;Shift registers;Steady-state;Transient analysis;Transient response;Voltage control;Burst mode;Low dropout regulator (LDO);burst-mode;coarse–fine-tuning (CFT);coarse-fine-tuning (CFT);digital control;dynamic voltage scaling (DVS);energy efficient digital;energy-efficient digital;fast transient;low dropout regulator (LDO)},
}

@InProceedings{AALDO1,
  author    = {M. Huang and Y. Lu and S. P. U and R. P. Martins},
  title     = {20.4 An output-capacitor-free analog-assisted digital low-dropout regulator with tri-loop control},
  booktitle = {2017 IEEE International Solid-State Circuits Conference (ISSCC)},
  year      = {2017},
  pages     = {342-343},
  month     = {Feb},
  doi       = {10.1109/ISSCC.2017.7870401},
  keywords  = {PI control;digital control;integrated circuit design;power consumption;system-on-chip;voltage regulators;AA tri-loop control scheme;SR-based DLDO;SoC design;adaptive clocking;analog-assisted tri-loop control scheme;area-consuming output capacitor;coarse-fine tuning;digital LDO;digital PI controller;event-driven control;fast sampling clock;load current variation;low-dropout regulators;low-voltage operation;output-capacitor-free analog-assisted digital low-dropout regulator;power consumption;power-speed trade-off;shift-register-based DLDO;transient improvement;Clocks;Liquid crystal on silicon;Power demand;Regulators;Transient analysis;Tuning;Voltage control},
}

@Article{recursive,
  author   = {L. G. Salem and J. Warchall and P. P. Mercier},
  title    = {A Successive Approximation Recursive Digital Low-Dropout Voltage Regulator With PD Compensation and Sub-LSB Duty Control},
  journal  = {IEEE Journal of Solid-State Circuits},
  year     = {2018},
  volume   = {53},
  number   = {1},
  pages    = {35-49},
  month    = {Jan},
  issn     = {0018-9200},
  doi      = {10.1109/JSSC.2017.2766215},
  keywords = {CMOS integrated circuits;PD control;capacitors;load regulation;pulse width modulation;voltage regulators;CMOS integrated circuit;PD compensation;SAR-like binary search algorithm;analog LDO;clock frequency;load regulation dynamic range;output decoupling capacitor;prior digital LDO designs;proportional-derivative compensation scheme;recursive digital low-dropout voltage regulator;size 65.0 nm;sub-LSB duty control;sub-LSB pulse width modulation;successive approximation;time 15.1 ns;voltage 0.5 V;Clocks;Regulators;Search problems;Switches;Time factors;Voltage control;Binary search;LDO;digital low-dropout (DLDO);linear regulator;power management;proportional derivative (PD);successive approximation (SAR);voltage regulator},
}

@ARTICLE{ALDO1, 
author={Ka Nang Leung and P. K. T. Mok}, 
journal={IEEE Journal of Solid-State Circuits}, 
title={A capacitor-free CMOS low-dropout regulator with damping-factor-control frequency compensation}, 
year={2003}, 
volume={38}, 
number={10}, 
pages={1691-1702}, 
keywords={CMOS integrated circuits;circuit stability;compensation;damping;reference circuits;system-on-chip;transient response;voltage regulators;0.6 micron;1.5 V;100 mA;CMOS low-dropout regulator;capacitor-free operation;damping-factor-control frequency compensation;loop-gain stability;output noise spectral density;power supply rejection ratio;system-on-chip;temperature coefficient;transient response;voltage reference circuit;CMOS technology;Frequency;Load management;Pins;Regulators;Space technology;Stability;System-on-a-chip;Temperature;Voltage}, 
doi={10.1109/JSSC.2003.817256}, 
ISSN={0018-9200}, 
month={Oct},}

@ARTICLE{ALDO2, 
author={M. Al-Shyoukh and H. Lee and R. Perez}, 
journal={IEEE Journal of Solid-State Circuits}, 
title={A Transient-Enhanced Low-Quiescent Current Low-Dropout Regulator With Buffer Impedance Attenuation}, 
year={2007}, 
volume={42}, 
number={8}, 
pages={1732-1742}, 
keywords={CMOS integrated circuits;buffer circuits;transient response;voltage regulators;buffer impedance attenuation;capacitance 1 muF;current 20 muA;current-buffer compensation;dynamically-biased shunt feedback;impedance-attenuated buffer;low-quiescent current;pass device driving;portable applications;size 0.35 mum;small output capacitor;transient-enhanced low-dropout regulator;twin-well CMOS process;Attenuation;Bandwidth;CMOS process;Capacitors;Frequency;Impedance;Output feedback;Regulators;Stability;Voltage;Linear regulator;load transient response;low- dropout regulator (LDO);pass device;power management integrated circuits;voltage buffer}, 
doi={10.1109/JSSC.2007.900281}, 
ISSN={0018-9200}, 
month={Aug},}

@ARTICLE{ALDO3, 
author={E. N. Y. Ho and P. K. T. Mok}, 
journal={IEEE Transactions on Circuits and Systems II: Express Briefs}, 
title={A Capacitor-Less CMOS Active Feedback Low-Dropout Regulator With Slew-Rate Enhancement for Portable On-Chip Application}, 
year={2010}, 
volume={57}, 
number={2}, 
pages={80-84}, 
keywords={CMOS integrated circuits;circuit feedback;controllers;integrated circuit modelling;active feedback circuit;capacitance 7 pF;capacitor-less CMOS active feedback low-dropout regulator;current 100 mA;current 20 muA;portable on-chip application;size 0.35 mum;slew-rate enhancement circuit;voltage 0.2 V;voltage 1.8 V to 4.5 V;Active feedback;analog circuits;capacitor-less low dropout (LDO);dc–dc regulator;low-dropout (LDO) voltage regulators}, 
doi={10.1109/TCSII.2009.2038630}, 
ISSN={1549-7747}, 
month={Feb},}

@INPROCEEDINGS{eventDriven, 
author={D. Kim and J. Kim and H. Ham and M. Seok}, 
booktitle={2017 IEEE International Solid-State Circuits Conference (ISSCC)}, 
title={20.6 A 0.5V-VIN 1.44mA-class event-driven digital LDO with a fully integrated 100pF output capacitor}, 
year={2017}, 
volume={}, 
number={}, 
pages={346-347}, 
keywords={capacitors;voltage regulators;capacitance 400 pF;current 1.44 mA;distinct voltage domain;efficiency 99.2 percent;event-driven control scheme;fast load current change;feedback latency;fine-grained parallelism;large output capacitor;low-drop-out voltage regulator;synchronous digital LDO designs;system-on-chip designs;voltage 0.45 V;voltage 0.5 V;Adders;Delays;Power dissipation;Power transistors;Pulse generation;Regulators;Voltage control}, 
doi={10.1109/ISSCC.2017.7870403}, 
ISSN={}, 
month={Feb},}

@INPROCEEDINGS{comparator, 
author={D. Schinkel and E. Mensink and E. Klumperink and E. van Tuijl and B. Nauta}, 
booktitle={2007 IEEE International Solid-State Circuits Conference. Digest of Technical Papers}, 
title={A Double-Tail Latch-Type Voltage Sense Amplifier with 18ps Setup+Hold Time}, 
year={2007}, 
volume={}, 
number={}, 
pages={314-605}, 
keywords={CMOS analogue integrated circuits;amplifiers;flip-flops;1.2 V;18 ps;90 nm;CMOS;cross-coupled stage;double-tail latch-type voltage sense amplifier;CMOS technology;Circuit topology;Delay effects;Flip-flops;Noise measurement;Tail;Timing;Transceivers;Virtual colonoscopy;Voltage}, 
doi={10.1109/ISSCC.2007.373420}, 
ISSN={0193-6530}, 
month={Feb},}

@ARTICLE{flip-flop, 
author={B. Nikolic and V. G. Oklobdzija and V. Stojanovic and Wenyan Jia and James Kar-Shing Chiu and M. Ming-Tak Leung}, 
journal={IEEE Journal of Solid-State Circuits}, 
title={Improved sense-amplifier-based flip-flop: design and measurements}, 
year={2000}, 
volume={35}, 
number={6}, 
pages={876-884}, 
keywords={CMOS digital integrated circuits;delays;differential amplifiers;flip-flops;integrated circuit measurement;timing;CMOS implementation;delay reduction;driving capability improvement;measurement set-up;measurement techniques;output stage latch topology;sense-amplifier-based flip-flop;Clocks;Delay effects;Digital systems;Flip-flops;Integrated circuit measurements;Latches;Logic;Semiconductor device measurement;Strontium;Timing}, 
doi={10.1109/4.845191}, 
ISSN={0018-9200}, 
month={June},}

@INPROCEEDINGS{wangzhicheng, 
author={Z. Wang and Y. Yu and X. Xiao and M. Li and X. Zou and D. Gao and M. Tan}, 
booktitle={2018 IEEE International Symposium on Circuits and Systems (ISCAS)}, 
title={A Time-Division-Multiplexing Scheme for Simultaneous Wavelength Locking of Multiple Silicon Micro-Rings}, 
year={2018}, 
volume={}, 
number={}, 
pages={1-4}, 
keywords={Couplings;Heating systems;Modulation;Process control;Refractive index;Silicon;Time division multiplexing}, 
doi={10.1109/ISCAS.2018.8350938}, 
ISSN={}, 
month={May},}

@Comment{jabref-meta: databaseType:bibtex;}
